<record><leader>00000cas a22000007a 4500</leader><controlfield tag="001">28604591</controlfield><controlfield tag="008">930811d19932007nyuwr ne      0   a0eng c</controlfield><controlfield tag="009">467</controlfield><datafield ind1=" " ind2=" " tag="010"><subfield code="a">sn 93004325 </subfield></datafield><datafield ind1=" " ind2=" " tag="040"><subfield code="a">NSD</subfield><subfield code="b">eng</subfield><subfield code="c">NSD</subfield><subfield code="d">NYS</subfield><subfield code="d">OCLCQ</subfield><subfield code="d">EBZ</subfield><subfield code="d">OCLCQ</subfield></datafield><datafield ind1=" " ind2=" " tag="012"><subfield code="m">y</subfield></datafield><datafield ind1="1" ind2=" " tag="022"><subfield code="a">1071-3085</subfield><subfield code="l">1071-3085</subfield><subfield code="y">1048-4175</subfield><subfield code="2">1</subfield></datafield><datafield ind1="1" ind2=" " tag="029"><subfield code="a">AU@</subfield><subfield code="b">000025887624</subfield></datafield><datafield ind1=" " ind2=" " tag="032"><subfield code="a">004656</subfield><subfield code="b">USPS</subfield></datafield><datafield ind1=" " ind2=" " tag="037"><subfield code="b">Clarion Publications, 40 E. Main St., Avon, N.Y. 14414-1435</subfield></datafield><datafield ind1=" " ind2=" " tag="042"><subfield code="a">nsdp</subfield><subfield code="a">pcc</subfield></datafield><datafield ind1=" " ind2="4" tag="222"><subfield code="a">The Lake and valley clarion</subfield></datafield><datafield ind1="0" ind2="4" tag="245"><subfield code="a">The Lake and valley clarion.</subfield></datafield><datafield ind1=" " ind2=" " tag="260"><subfield code="a">Lakeville, N.Y. :</subfield><subfield code="b">Clarion Publications</subfield></datafield><datafield ind1=" " ind2=" " tag="300"><subfield code="a">v.</subfield></datafield><datafield ind1=" " ind2=" " tag="310"><subfield code="a">Weekly</subfield></datafield><datafield ind1="0" ind2=" " tag="362"><subfield code="a">Vol. 4, no. 49 (Apr. 8, 1993)-</subfield></datafield><datafield ind1="1" ind2=" " tag="362"><subfield code="a">Ceased with Mar. 22, 2007.</subfield></datafield><datafield ind1=" " ind2=" " tag="500"><subfield code="a">Published in: Lakeville, N.Y., Apr. 8-July 1993; in Avon, N.Y., Aug. 5, 1993-</subfield></datafield><datafield ind1=" " ind2=" " tag="500"><subfield code="a">"The people's choice in northern Livingston County."</subfield></datafield><datafield ind1=" " ind2="4" tag="651"><subfield code="a">Lakeville (N.Y.)</subfield><subfield code="v">Newspapers.</subfield></datafield><datafield ind1=" " ind2="4" tag="651"><subfield code="a">Avon (N.Y.)</subfield><subfield code="v">Newspapers.</subfield></datafield><datafield ind1=" " ind2="4" tag="651"><subfield code="a">Caledonia (N.Y.)</subfield><subfield code="v">Newspapers.</subfield></datafield><datafield ind1=" " ind2="4" tag="651"><subfield code="a">Geneseo (N.Y.)</subfield><subfield code="v">Newspapers.</subfield></datafield><datafield ind1=" " ind2="4" tag="651"><subfield code="a">Lima (N.Y.)</subfield><subfield code="v">Newspapers.</subfield></datafield><datafield ind1=" " ind2="4" tag="651"><subfield code="a">Livonia (N.Y.)</subfield><subfield code="v">Newspapers.</subfield></datafield><datafield ind1=" " ind2="4" tag="651"><subfield code="a">Mt. Morris (N.Y.)</subfield><subfield code="v">Newspapers.</subfield></datafield><datafield ind1=" " ind2=" " tag="752"><subfield code="a">United States</subfield><subfield code="b">New York</subfield><subfield code="c">Livingston</subfield><subfield code="d">Avon.</subfield></datafield><datafield ind1=" " ind2=" " tag="752"><subfield code="a">United States</subfield><subfield code="b">New York</subfield><subfield code="c">Livingston</subfield><subfield code="d">Lakeville.</subfield></datafield><datafield ind1="0" ind2="0" tag="780"><subfield code="t">Clarion (Avon, N.Y.)</subfield><subfield code="x">1048-4175</subfield><subfield code="w">(DLC)sn 89071302</subfield></datafield></record>